@book{sedgewick_wayne,
    title = {Algorithms},
    author = {Robert Sedgewick and Kevin Wayne},
    isbn = {9780321573513},
    year = {2011},
    publisher = {Addison-Wesley},
    edition = {4}
},
@book{csapp,
    title = {Computer Systems: A Programmer's Perspective},
    author = {Randal E. Bryant and David R. O'Hallaron },
    isbn = {9780134092669},
    year = {2016},
    publisher  = {Pearson},
    edition = {3}
}
